@article{Wu2002,
 author = {Wu, Youfeng},
 title = {Efficient discovery of regular stride patterns in irregular programs and its use in compiler prefetching},
 journal = {SIGPLAN Not.},
 volume = {37},
 issue = {5},
 month = {May},
 year = {2002},
 issn = {0362-1340},
 pages = {210--221},
 numpages = {12},
 url = {http://doi.acm.org/10.1145/543552.512555},
 doi = {http://doi.acm.org/10.1145/543552.512555},
 acmid = {512555},
 publisher = {ACM},
 address = {New York, NY, USA},
 keywords = {data prefetching, integrated stride and frequency profiling, performance evaluation, phased multi-strided loads, strongly single-strided loads},
}
